{"100051073987266":{"stocks":{},"transactions":[]},"100048502504358":{"stocks":{"NVDA":{"quantity":1000,"averagePrice":5282.857}},"transactions":[{"type":"buy","symbol":"TSLA","quantity":1000,"price":5557.259891456882,"timestamp":1739182749689},{"type":"buy","symbol":"TSLA","quantity":800,"price":5606.030046868538,"timestamp":1739182825620},{"type":"sell","symbol":"TSLA","quantity":1800,"price":5200.173160981727,"timestamp":1739254082460},{"type":"buy","symbol":"AMZN","quantity":1000,"price":2052.958038253141,"timestamp":1739254163633},{"type":"buy","symbol":"AMZN","quantity":3000,"price":2114.0956758644425,"timestamp":1739254210835},{"type":"buy","symbol":"AMZN","quantity":440,"price":2132.3029925297524,"timestamp":1739254247134},{"type":"sell","symbol":"AMZN","quantity":4440,"price":1911.9254184041458,"timestamp":1739260557012},{"type":"buy","symbol":"META","quantity":1000,"price":4572.371810401835,"timestamp":1739260576461},{"type":"buy","symbol":"META","quantity":800,"price":4572.371810401835,"timestamp":1739260584909},{"type":"sell","symbol":"META","quantity":1800,"price":3522,"timestamp":1739334463335},{"type":"buy","symbol":"GOOGL","quantity":1000,"price":1625.7170073695293,"timestamp":1739341440592},{"type":"buy","symbol":"GOOGL","quantity":885,"price":1540.1529543500803,"timestamp":1739341449563},{"type":"sell","symbol":"GOOGL","quantity":1885,"price":1423,"timestamp":1739341851583},{"type":"buy","symbol":"NVDA","quantity":1000,"price":5282.857324262083,"timestamp":1739358126867}]},"100076957299243":{"stocks":{},"transactions":[{"type":"buy","symbol":"TSLA","quantity":100,"price":5557.258216615704,"timestamp":1739182775627},{"type":"buy","symbol":"AAPL","quantity":100,"price":3130.4651439881713,"timestamp":1739182790113},{"type":"buy","symbol":"JPM","quantity":100,"price":2806.1031456920964,"timestamp":1739182807871},{"type":"buy","symbol":"TSLA","quantity":900,"price":5512.155356228623,"timestamp":1739182860610},{"type":"sell","symbol":"JPM","quantity":100,"price":2868.7229614253215,"timestamp":1739182911148},{"type":"buy","symbol":"AMZN","quantity":1000,"price":2671.005726552198,"timestamp":1739182967887},{"type":"buy","symbol":"TSLA","quantity":1000,"price":5823.195743561176,"timestamp":1739183028837},{"type":"sell","symbol":"TSLA","quantity":1000,"price":5421.185272757182,"timestamp":1739183545905},{"type":"sell","symbol":"TSLA","quantity":1000,"price":5099.816315975098,"timestamp":1739183669163},{"type":"sell","symbol":"AMZN","quantity":1000,"price":2686.8300579744255,"timestamp":1739249327242},{"type":"sell","symbol":"AAPL","quantity":100,"price":4577.587272491863,"timestamp":1739249337022},{"type":"buy","symbol":"JPM","quantity":1000,"price":4632.728522795243,"timestamp":1739446461332},{"type":"buy","symbol":"JPM","quantity":100,"price":4613.818518142161,"timestamp":1739446614895},{"type":"sell","symbol":"JPM","quantity":1100,"price":4668,"timestamp":1739447452862},{"type":"buy","symbol":"JPM","quantity":100,"price":4586.636648218931,"timestamp":1739525833684},{"type":"buy","symbol":"JPM","quantity":81,"price":4586.636648218931,"timestamp":1739525842803},{"type":"buy","symbol":"JPM","quantity":19,"price":4732.548624856552,"timestamp":1739525913849},{"type":"buy","symbol":"V","quantity":10,"price":5777.457172403076,"timestamp":1739526412698},{"type":"buy","symbol":"V","quantity":31,"price":5777.457172403076,"timestamp":1739526421096},{"type":"sell","symbol":"V","quantity":41,"price":6329,"timestamp":1739594526863},{"type":"sell","symbol":"JPM","quantity":200,"price":2976,"timestamp":1739602888501}]},"100053970942155":{"stocks":{},"transactions":[{"type":"buy","symbol":"AAPL","quantity":500,"price":3118.5818619933593,"timestamp":1739182750128},{"type":"buy","symbol":"MSFT","quantity":500,"price":5578.764353398946,"timestamp":1739182788627},{"type":"buy","symbol":"TSLA","quantity":1000,"price":5606.030046868538,"timestamp":1739182834920},{"type":"buy","symbol":"AMZN","quantity":500,"price":2138.7003751073216,"timestamp":1739184342118},{"type":"sell","symbol":"TSLA","quantity":1000,"price":5556.351408501133,"timestamp":1739242357206},{"type":"buy","symbol":"AAPL","quantity":500,"price":3827.183500386999,"timestamp":1739244621278},{"type":"buy","symbol":"AAPL","quantity":9000,"price":3849.1123847424296,"timestamp":1739244762937},{"type":"buy","symbol":"GOOGL","quantity":5000,"price":3096.8152824946023,"timestamp":1739244884878},{"type":"buy","symbol":"AMZN","quantity":9500,"price":2435.0106300862344,"timestamp":1739250831468},{"type":"sell","symbol":"MSFT","quantity":500,"price":4825.890441878452,"timestamp":1739261859712},{"type":"buy","symbol":"AMZN","quantity":5000,"price":1962.7523190854831,"timestamp":1739262936285},{"type":"sell","symbol":"AMZN","quantity":15000,"price":2583.2451801329053,"timestamp":1739272472732},{"type":"buy","symbol":"GOOGL","quantity":10000,"price":1985.770123130887,"timestamp":1739273216967},{"type":"buy","symbol":"AMZN","quantity":5000,"price":2397.6887594830155,"timestamp":1739273762412},{"type":"sell","symbol":"AAPL","quantity":10000,"price":4244.554533910922,"timestamp":1739328354765},{"type":"buy","symbol":"MSFT","quantity":10000,"price":3837.5045334358597,"timestamp":1739347652474},{"type":"sell","symbol":"GOOGL","quantity":5000,"price":1426,"timestamp":1739348241181},{"type":"sell","symbol":"GOOGL","quantity":10000,"price":2081,"timestamp":1740019531770},{"type":"buy","symbol":"GOOGL","quantity":10000000,"price":1762.423051197303,"timestamp":1740023254983},{"type":"buy","symbol":"GOOGL","quantity":3000000,"price":1762.423051197303,"timestamp":1740023273465},{"type":"buy","symbol":"GOOGL","quantity":1000000,"price":1762.423051197303,"timestamp":1740023289674},{"type":"buy","symbol":"GOOGL","quantity":3000000,"price":1762.423051197303,"timestamp":1740023343100},{"type":"buy","symbol":"GOOGL","quantity":5000000,"price":1762.423051197303,"timestamp":1740023392379},{"type":"buy","symbol":"GOOGL","quantity":2000000,"price":1762.4873959722274,"timestamp":1740023461499},{"type":"buy","symbol":"AMZN","quantity":100000,"price":1891.705511186875,"timestamp":1740023711517},{"type":"buy","symbol":"AMZN","quantity":400000,"price":1891.705511186875,"timestamp":1740023737845},{"type":"sell","symbol":"GOOGL","quantity":24000000,"price":2484,"timestamp":1740026301447},{"type":"buy","symbol":"GOOGL","quantity":35000000,"price":1682.5554220735482,"timestamp":1740029035132},{"type":"sell","symbol":"GOOGL","quantity":35000000,"price":2242,"timestamp":1740030929371},{"type":"buy","symbol":"GOOGL","quantity":45000000,"price":1600.0516159895526,"timestamp":1740110390513},{"type":"buy","symbol":"GOOGL","quantity":3000000,"price":1600.0516159895526,"timestamp":1740110430633},{"type":"buy","symbol":"MSFT","quantity":500000,"price":3405.198624326694,"timestamp":1740112113848},{"type":"buy","symbol":"MSFT","quantity":150000,"price":3405.198624326694,"timestamp":1740112173385},{"type":"sell","symbol":"GOOGL","quantity":48000000,"price":2241,"timestamp":1740115101097},{"type":"buy","symbol":"GOOGL","quantity":50000000,"price":1362.2740853887613,"timestamp":1740117111933},{"type":"buy","symbol":"GOOGL","quantity":20000000,"price":1363.8331328528225,"timestamp":1740117187135},{"type":"buy","symbol":"MSFT","quantity":500000,"price":3407.4167386908102,"timestamp":1740117236454},{"type":"buy","symbol":"MSFT","quantity":1000000,"price":3405.5982447325478,"timestamp":1740117252669},{"type":"sell","symbol":"GOOGL","quantity":70000000,"price":1457,"timestamp":1740133347591},{"type":"sell","symbol":"MSFT","quantity":2160000,"price":3899,"timestamp":1740136360719},{"type":"sell","symbol":"AMZN","quantity":505000,"price":2051,"timestamp":1740138448615}]},"100068382888605":{"stocks":{},"transactions":[{"type":"buy","symbol":"TSLA","quantity":1000,"price":5512.155356228623,"timestamp":1739182862921},{"type":"buy","symbol":"TSLA","quantity":3000,"price":5464.262412875031,"timestamp":1739182880006},{"type":"buy","symbol":"GOOGL","quantity":1000,"price":2485.959289817833,"timestamp":1739184057330},{"type":"buy","symbol":"AAPL","quantity":5000,"price":2525.4698977053754,"timestamp":1739184078570},{"type":"buy","symbol":"AMZN","quantity":5000,"price":2259.394878441796,"timestamp":1739184116193},{"type":"buy","symbol":"MSFT","quantity":1000,"price":4931.939569842082,"timestamp":1739184188799},{"type":"buy","symbol":"AAPL","quantity":5000,"price":2272.173500147349,"timestamp":1739184369875},{"type":"buy","symbol":"AAPL","quantity":3000,"price":2249.273916942877,"timestamp":1739184387201},{"type":"sell","symbol":"AAPL","quantity":13000,"price":3977.780211930531,"timestamp":1739242351043},{"type":"sell","symbol":"AMZN","quantity":5000,"price":3283.860896090015,"timestamp":1739242930406},{"type":"buy","symbol":"AMZN","quantity":5000,"price":3230.839387016303,"timestamp":1739243044965},{"type":"buy","symbol":"META","quantity":1000,"price":5287.5418450819,"timestamp":1739243676013},{"type":"buy","symbol":"AMZN","quantity":5000,"price":2637.555509974087,"timestamp":1739243735908},{"type":"buy","symbol":"META","quantity":10000,"price":5204.469186755285,"timestamp":1739243803945},{"type":"buy","symbol":"META","quantity":1000,"price":5144.702980756671,"timestamp":1739243814472},{"type":"buy","symbol":"MSFT","quantity":1000,"price":4512.1475265869285,"timestamp":1739244781523},{"type":"sell","symbol":"AMZN","quantity":10000,"price":3074.6195419511437,"timestamp":1739244865880},{"type":"buy","symbol":"AMZN","quantity":10000,"price":3068.523160044586,"timestamp":1739245001660},{"type":"buy","symbol":"MSFT","quantity":1000,"price":4699.577049722267,"timestamp":1739245135873},{"type":"buy","symbol":"MSFT","quantity":2000,"price":4699.577049722267,"timestamp":1739245146937},{"type":"buy","symbol":"NVDA","quantity":500,"price":5868.34834986525,"timestamp":1739247107353},{"type":"sell","symbol":"META","quantity":12000,"price":6517.955843394371,"timestamp":1739254122286},{"type":"sell","symbol":"MSFT","quantity":5000,"price":5375.678456025539,"timestamp":1739254145497},{"type":"buy","symbol":"AMZN","quantity":50000,"price":2049.5722618279096,"timestamp":1739254410371},{"type":"buy","symbol":"META","quantity":2000,"price":4451.82883051246,"timestamp":1739260481900},{"type":"buy","symbol":"META","quantity":500,"price":4451.82883051246,"timestamp":1739260494780},{"type":"buy","symbol":"AAPL","quantity":1000,"price":2875.697462124611,"timestamp":1739260880585},{"type":"buy","symbol":"META","quantity":1000,"price":4496.448643627702,"timestamp":1739260991241},{"type":"sell","symbol":"TSLA","quantity":3000,"price":4145.453984320132,"timestamp":1739261159622},{"type":"buy","symbol":"META","quantity":2000,"price":4459.989392843073,"timestamp":1739261178313},{"type":"buy","symbol":"META","quantity":1000,"price":4459.989392843073,"timestamp":1739261191547},{"type":"sell","symbol":"NVDA","quantity":500,"price":6342.676934829086,"timestamp":1739261865499},{"type":"sell","symbol":"AAPL","quantity":1000,"price":2839.607167272916,"timestamp":1739261911900},{"type":"sell","symbol":"AMZN","quantity":60000,"price":2299.9729809823857,"timestamp":1739265740800},{"type":"buy","symbol":"META","quantity":10000,"price":3904.157580742689,"timestamp":1739265833821},{"type":"buy","symbol":"META","quantity":20000,"price":3905.3019180010624,"timestamp":1739265878154},{"type":"sell","symbol":"GOOGL","quantity":1000,"price":2524.8653611388663,"timestamp":1739267150914},{"type":"sell","symbol":"META","quantity":36500,"price":5049.143487612456,"timestamp":1739267611294},{"type":"sell","symbol":"TSLA","quantity":1000,"price":4287.615360054742,"timestamp":1739267854007},{"type":"buy","symbol":"AMZN","quantity":10000,"price":1868.556302926584,"timestamp":1739268800898},{"type":"buy","symbol":"AMZN","quantity":10000,"price":2242.3656963080016,"timestamp":1739269724116},{"type":"sell","symbol":"AMZN","quantity":20000,"price":2284.904236165065,"timestamp":1739269739391},{"type":"buy","symbol":"MSFT","quantity":10000,"price":5626.924055476756,"timestamp":1739271118166},{"type":"buy","symbol":"GOOGL","quantity":10000,"price":1846.2521473832169,"timestamp":1739271653571},{"type":"buy","symbol":"AMZN","quantity":10000,"price":1852.974311880847,"timestamp":1739271664629},{"type":"sell","symbol":"MSFT","quantity":10000,"price":6723.808051332877,"timestamp":1739272025771},{"type":"sell","symbol":"AMZN","quantity":10000,"price":2536.5719017499473,"timestamp":1739272038828},{"type":"sell","symbol":"GOOGL","quantity":10000,"price":2362.168253786885,"timestamp":1739272080927},{"type":"buy","symbol":"GOOGL","quantity":20000,"price":2282.2825816798886,"timestamp":1739272366441},{"type":"sell","symbol":"GOOGL","quantity":20000,"price":2331.7959622254357,"timestamp":1739273514245},{"type":"buy","symbol":"TSLA","quantity":10000,"price":4057.043898200624,"timestamp":1739273552104},{"type":"buy","symbol":"JPM","quantity":10000,"price":2782.843344026538,"timestamp":1739273568695},{"type":"buy","symbol":"GOOGL","quantity":10000,"price":1802.6566023411174,"timestamp":1739274033435},{"type":"buy","symbol":"MSFT","quantity":1000,"price":5603.8057487462,"timestamp":1739274122648},{"type":"buy","symbol":"NVDA","quantity":1000,"price":7139.433152798822,"timestamp":1739274158183},{"type":"sell","symbol":"GOOGL","quantity":10000,"price":2233.6027148085554,"timestamp":1739274462418},{"type":"sell","symbol":"JPM","quantity":10000,"price":2974.156828064378,"timestamp":1739274476864},{"type":"sell","symbol":"MSFT","quantity":1000,"price":6950.191352898688,"timestamp":1739274654760},{"type":"sell","symbol":"TSLA","quantity":10000,"price":4170.974637343192,"timestamp":1739274664420},{"type":"buy","symbol":"NVDA","quantity":10000,"price":7931.834478840727,"timestamp":1739274995034},{"type":"sell","symbol":"NVDA","quantity":10000,"price":8971.403990463463,"timestamp":1739275081692},{"type":"sell","symbol":"NVDA","quantity":1000,"price":8095.971088426999,"timestamp":1739275108205},{"type":"buy","symbol":"AMZN","quantity":5000,"price":1993.95017620742,"timestamp":1739325709590},{"type":"buy","symbol":"TSLA","quantity":5000,"price":3461.0341133874654,"timestamp":1739325735765},{"type":"buy","symbol":"MSFT","quantity":5000,"price":5912.170748409058,"timestamp":1739325753112},{"type":"buy","symbol":"NVDA","quantity":5000,"price":8039.1728113467925,"timestamp":1739325769051},{"type":"sell","symbol":"NVDA","quantity":5000,"price":8178.504482124825,"timestamp":1739325856894},{"type":"buy","symbol":"NVDA","quantity":5000,"price":7454.095566586839,"timestamp":1739325898378},{"type":"buy","symbol":"GOOGL","quantity":1000,"price":1841.128990116524,"timestamp":1739325937758},{"type":"buy","symbol":"AMZN","quantity":1000,"price":1785.061677891701,"timestamp":1739326196577},{"type":"sell","symbol":"NVDA","quantity":5000,"price":9219.523046860377,"timestamp":1739326776387},{"type":"sell","symbol":"AMZN","quantity":5000,"price":2211.870464377163,"timestamp":1739326793086},{"type":"sell","symbol":"GOOGL","quantity":1000,"price":2331.1377028408697,"timestamp":1739326801031},{"type":"sell","symbol":"MSFT","quantity":5000,"price":7774.153636247247,"timestamp":1739326826388},{"type":"sell","symbol":"TSLA","quantity":5000,"price":4383.735847794911,"timestamp":1739326835623},{"type":"sell","symbol":"AMZN","quantity":1000,"price":2186.241625093223,"timestamp":1739326847113},{"type":"buy","symbol":"AMZN","quantity":10000,"price":1806.6132273044482,"timestamp":1739327209486},{"type":"sell","symbol":"AMZN","quantity":10000,"price":2136.5115789529373,"timestamp":1739327238700},{"type":"buy","symbol":"NVDA","quantity":5000,"price":7990.213116354713,"timestamp":1739327415800},{"type":"buy","symbol":"META","quantity":5000,"price":4366.347756544392,"timestamp":1739327446076},{"type":"buy","symbol":"AMZN","quantity":10000,"price":1696.3961289829506,"timestamp":1739327672947},{"type":"buy","symbol":"META","quantity":10000,"price":3546.5205259197264,"timestamp":1739327696731},{"type":"buy","symbol":"NVDA","quantity":1000,"price":6930.313388529933,"timestamp":1739327707053},{"type":"buy","symbol":"AAPL","quantity":1000,"price":3164.9395827341523,"timestamp":1739327736873},{"type":"sell","symbol":"AAPL","quantity":1000,"price":4270.373488122523,"timestamp":1739327964031},{"type":"sell","symbol":"AMZN","quantity":10000,"price":2119.6842902977232,"timestamp":1739328032132},{"type":"buy","symbol":"MSFT","quantity":5000,"price":5633.561680140977,"timestamp":1739328958988},{"type":"sell","symbol":"NVDA","quantity":6000,"price":9770,"timestamp":1739329885800},{"type":"sell","symbol":"MSFT","quantity":5000,"price":7437,"timestamp":1739329909632},{"type":"sell","symbol":"META","quantity":15000,"price":4785,"timestamp":1739330322832},{"type":"buy","symbol":"MSFT","quantity":10000,"price":5454.1210226599305,"timestamp":1739331491202},{"type":"buy","symbol":"MSFT","quantity":20000,"price":5375.7884145464,"timestamp":1739331546990},{"type":"buy","symbol":"GOOGL","quantity":10000,"price":1909.688620942589,"timestamp":1739338376651},{"type":"buy","symbol":"GOOGL","quantity":10000,"price":1481.5251743147794,"timestamp":1739339085096},{"type":"buy","symbol":"NVDA","quantity":2000,"price":6291.39229251645,"timestamp":1739339156920},{"type":"sell","symbol":"GOOGL","quantity":20000,"price":1955,"timestamp":1739339743109},{"type":"buy","symbol":"GOOGL","quantity":10000,"price":1689.0664482288569,"timestamp":1739340732066},{"type":"buy","symbol":"NVDA","quantity":1000,"price":6673.066611642396,"timestamp":1739341419045},{"type":"buy","symbol":"NVDA","quantity":1000,"price":6673.066611642396,"timestamp":1739341430713},{"type":"sell","symbol":"GOOGL","quantity":10000,"price":1967,"timestamp":1739342220476},{"type":"buy","symbol":"META","quantity":1000,"price":3700.5859124906874,"timestamp":1739342854916},{"type":"buy","symbol":"NVDA","quantity":1000,"price":5934.082801559156,"timestamp":1739343033324},{"type":"buy","symbol":"NVDA","quantity":400,"price":5934.082801559156,"timestamp":1739343052557},{"type":"buy","symbol":"GOOGL","quantity":10000,"price":1488.690913687552,"timestamp":1739343995901},{"type":"sell","symbol":"GOOGL","quantity":10000,"price":2323,"timestamp":1740021559620},{"type":"sell","symbol":"META","quantity":1000,"price":4207,"timestamp":1740023799191},{"type":"buy","symbol":"AMZN","quantity":100000,"price":1891.5004543414188,"timestamp":1740023820948},{"type":"sell","symbol":"AMZN","quantity":100000,"price":2791,"timestamp":1740026343596},{"type":"buy","symbol":"AMZN","quantity":50000,"price":1801.440635233274,"timestamp":1740029677161},{"type":"buy","symbol":"AMZN","quantity":25000,"price":1801.440635233274,"timestamp":1740029693575},{"type":"buy","symbol":"AMZN","quantity":30000,"price":1801.440635233274,"timestamp":1740029715614},{"type":"sell","symbol":"AMZN","quantity":105000,"price":2611,"timestamp":1740032032178},{"type":"sell","symbol":"NVDA","quantity":5400,"price":7208,"timestamp":1740034084176},{"type":"buy","symbol":"AAPL","quantity":400000,"price":1703.8061121208623,"timestamp":1740036803228},{"type":"buy","symbol":"AAPL","quantity":50000,"price":1703.8061121208623,"timestamp":1740036835527},{"type":"sell","symbol":"AAPL","quantity":450000,"price":3005,"timestamp":1740041316440},{"type":"buy","symbol":"GOOGL","quantity":700000,"price":1364.1302129319295,"timestamp":1740117200574},{"type":"sell","symbol":"MSFT","quantity":30000,"price":3645,"timestamp":1740136210537},{"type":"sell","symbol":"GOOGL","quantity":700000,"price":2309,"timestamp":1740138117049}]},"100087199431487":{"stocks":{},"transactions":[{"type":"buy","symbol":"AAPL","quantity":100,"price":2924.133701613706,"timestamp":1739183294970},{"type":"buy","symbol":"AAPL","quantity":200,"price":2903.278537823429,"timestamp":1739183307607},{"type":"buy","symbol":"MSFT","quantity":300,"price":5287.295893184153,"timestamp":1739183329461},{"type":"buy","symbol":"GOOGL","quantity":300,"price":2612.5699037022273,"timestamp":1739183349610},{"type":"buy","symbol":"AMZN","quantity":300,"price":2317.2180463353898,"timestamp":1739183387822},{"type":"buy","symbol":"META","quantity":300,"price":5058.009717721848,"timestamp":1739183404497},{"type":"buy","symbol":"TSLA","quantity":300,"price":5369.489893721589,"timestamp":1739183416920},{"type":"buy","symbol":"NVDA","quantity":300,"price":7860.770607476943,"timestamp":1739183427959},{"type":"buy","symbol":"JPM","quantity":300,"price":2484.1216294414394,"timestamp":1739183440320},{"type":"buy","symbol":"V","quantity":300,"price":3465.24873591863,"timestamp":1739183447379},{"type":"buy","symbol":"V","quantity":700,"price":3364.5888075240414,"timestamp":1739183601814},{"type":"buy","symbol":"META","quantity":1000,"price":5287.5418450819,"timestamp":1739243684053},{"type":"sell","symbol":"MSFT","quantity":300,"price":3810.2450327479546,"timestamp":1739243759413},{"type":"buy","symbol":"NVDA","quantity":200,"price":5868.34834986525,"timestamp":1739247121704},{"type":"sell","symbol":"TSLA","quantity":300,"price":3848.9112944203853,"timestamp":1739273052615},{"type":"buy","symbol":"GOOGL","quantity":400,"price":2244.711333854339,"timestamp":1739273103315},{"type":"sell","symbol":"JPM","quantity":300,"price":2685.3314123628625,"timestamp":1739273157873},{"type":"buy","symbol":"GOOGL","quantity":800,"price":1985.770123130887,"timestamp":1739273208497},{"type":"sell","symbol":"V","quantity":1000,"price":4041.939897437517,"timestamp":1739273680365},{"type":"sell","symbol":"AAPL","quantity":300,"price":3563.0972307696243,"timestamp":1739273693725},{"type":"buy","symbol":"META","quantity":1000,"price":3431.4808942645477,"timestamp":1739333216368},{"type":"buy","symbol":"NVDA","quantity":500,"price":8396.128031829447,"timestamp":1739340181716},{"type":"buy","symbol":"META","quantity":1000,"price":3601.301990144705,"timestamp":1739341873775},{"type":"buy","symbol":"META","quantity":8000,"price":3601.301990144705,"timestamp":1739341906636},{"type":"buy","symbol":"META","quantity":700,"price":3601.301990144705,"timestamp":1739341963717},{"type":"buy","symbol":"NVDA","quantity":1000,"price":8044.614158442493,"timestamp":1739342188917},{"type":"sell","symbol":"NVDA","quantity":1000,"price":8044,"timestamp":1739342216291},{"type":"sell","symbol":"AMZN","quantity":300,"price":2073,"timestamp":1739342366930},{"type":"buy","symbol":"META","quantity":8000,"price":3700.5859124906874,"timestamp":1739342897498},{"type":"sell","symbol":"GOOGL","quantity":1000,"price":1455,"timestamp":1739342936709},{"type":"sell","symbol":"GOOGL","quantity":500,"price":1466,"timestamp":1739344392645},{"type":"sell","symbol":"META","quantity":20000,"price":4951,"timestamp":1739357145311},{"type":"sell","symbol":"NVDA","quantity":1000,"price":5400,"timestamp":1739357168539},{"type":"buy","symbol":"GOOGL","quantity":20000,"price":1519.2049134403358,"timestamp":1739357210582},{"type":"sell","symbol":"GOOGL","quantity":20000,"price":1932,"timestamp":1739446316297},{"type":"buy","symbol":"GOOGL","quantity":60000,"price":1441.629364630035,"timestamp":1740030278106},{"type":"buy","symbol":"GOOGL","quantity":60000,"price":1441.629364630035,"timestamp":1740030292106},{"type":"buy","symbol":"GOOGL","quantity":20000,"price":1441.5847843543788,"timestamp":1740030350670},{"type":"sell","symbol":"GOOGL","quantity":140000,"price":2427,"timestamp":1740138980727}]},"100049109850406":{"stocks":{"V":{"quantity":2,"averagePrice":3003.5},"AMZN":{"quantity":1300000,"averagePrice":1537.376763076923}},"transactions":[{"type":"buy","symbol":"V","quantity":4000,"price":3378.9662122651116,"timestamp":1739183574986},{"type":"buy","symbol":"V","quantity":1000,"price":3378.9662122651116,"timestamp":1739183590032},{"type":"buy","symbol":"V","quantity":1000,"price":3364.5888075240414,"timestamp":1739183627710},{"type":"buy","symbol":"META","quantity":100,"price":5193.2298629820525,"timestamp":1739243467711},{"type":"buy","symbol":"META","quantity":1000,"price":5233.085297514964,"timestamp":1739243484783},{"type":"buy","symbol":"META","quantity":1000,"price":5233.085297514964,"timestamp":1739243490519},{"type":"buy","symbol":"META","quantity":1000,"price":5273.4621137397735,"timestamp":1739243513575},{"type":"buy","symbol":"AMZN","quantity":2000,"price":2588.1532466858343,"timestamp":1739243662376},{"type":"buy","symbol":"AMZN","quantity":2000,"price":2588.1532466858343,"timestamp":1739243672384},{"type":"buy","symbol":"META","quantity":7000,"price":4455.452934990633,"timestamp":1739271761769},{"type":"sell","symbol":"AMZN","quantity":4000,"price":2612.332822535946,"timestamp":1739272389051},{"type":"buy","symbol":"GOOGL","quantity":10000,"price":2225.3889675080786,"timestamp":1739273141159},{"type":"sell","symbol":"V","quantity":6000,"price":7145,"timestamp":1739338559782},{"type":"sell","symbol":"META","quantity":10100,"price":5384,"timestamp":1739338579765},{"type":"sell","symbol":"GOOGL","quantity":10000,"price":1912,"timestamp":1739338610905},{"type":"buy","symbol":"NVDA","quantity":10000,"price":6319.754559992691,"timestamp":1739339185905},{"type":"buy","symbol":"NVDA","quantity":7000,"price":7060.297864690728,"timestamp":1739339402382},{"type":"sell","symbol":"NVDA","quantity":17000,"price":6292,"timestamp":1739442000658},{"type":"buy","symbol":"NVDA","quantity":10000,"price":6429.0376764538705,"timestamp":1739445572143},{"type":"sell","symbol":"NVDA","quantity":10000,"price":8733,"timestamp":1739445938569},{"type":"buy","symbol":"NVDA","quantity":10000,"price":9057.20415746201,"timestamp":1739503648592},{"type":"buy","symbol":"MSFT","quantity":8000,"price":6238.256226589388,"timestamp":1739528594077},{"type":"sell","symbol":"NVDA","quantity":10000,"price":7274,"timestamp":1739589167039},{"type":"sell","symbol":"MSFT","quantity":8000,"price":6699,"timestamp":1739589220184},{"type":"buy","symbol":"META","quantity":20000,"price":5588.657588725826,"timestamp":1739592450136},{"type":"sell","symbol":"META","quantity":20000,"price":7988,"timestamp":1739596452955},{"type":"buy","symbol":"NVDA","quantity":25000,"price":5533.88625377092,"timestamp":1739597189073},{"type":"sell","symbol":"NVDA","quantity":25000,"price":7020,"timestamp":1739597445639},{"type":"buy","symbol":"GOOGL","quantity":100000,"price":1798.2851256982065,"timestamp":1739597727164},{"type":"sell","symbol":"GOOGL","quantity":100000,"price":2276,"timestamp":1739598617556},{"type":"buy","symbol":"GOOGL","quantity":150000,"price":1497.126451723244,"timestamp":1739598837866},{"type":"sell","symbol":"GOOGL","quantity":100000,"price":2203,"timestamp":1739609173135},{"type":"buy","symbol":"GOOGL","quantity":100000,"price":1401.7001752677133,"timestamp":1739609756919},{"type":"sell","symbol":"GOOGL","quantity":20000,"price":2066,"timestamp":1739613613150},{"type":"sell","symbol":"GOOGL","quantity":130000,"price":2066,"timestamp":1739613634757},{"type":"buy","symbol":"GOOGL","quantity":200000,"price":1398.8860093195308,"timestamp":1739618941919},{"type":"sell","symbol":"GOOGL","quantity":200000,"price":1726,"timestamp":1739619213842},{"type":"buy","symbol":"GOOGL","quantity":200000,"price":1920.1691447416554,"timestamp":1739671352949},{"type":"sell","symbol":"GOOGL","quantity":200000,"price":1920,"timestamp":1739671384771},{"type":"buy","symbol":"GOOGL","quantity":200000,"price":1364.1818693489633,"timestamp":1739672166005},{"type":"buy","symbol":"GOOGL","quantity":100000,"price":1364.1818693489633,"timestamp":1739672233704},{"type":"sell","symbol":"GOOGL","quantity":300000,"price":1840,"timestamp":1739677540493},{"type":"buy","symbol":"GOOGL","quantity":400000,"price":1397.139661075534,"timestamp":1739679781081},{"type":"sell","symbol":"GOOGL","quantity":100000,"price":1397,"timestamp":1739679792429},{"type":"buy","symbol":"GOOGL","quantity":100000,"price":1361.9806351121001,"timestamp":1739681478127},{"type":"buy","symbol":"GOOGL","quantity":50000,"price":1373.8456703275842,"timestamp":1739681704392},{"type":"sell","symbol":"GOOGL","quantity":400000,"price":2560,"timestamp":1739682043768},{"type":"sell","symbol":"GOOGL","quantity":50000,"price":2560,"timestamp":1739682063064},{"type":"buy","symbol":"GOOGL","quantity":1,"price":2656.7041499116244,"timestamp":1739683179342},{"type":"buy","symbol":"GOOGL","quantity":400000,"price":1395.9670377758298,"timestamp":1739684146733},{"type":"buy","symbol":"GOOGL","quantity":400000,"price":1395.9670377758298,"timestamp":1739684166786},{"type":"buy","symbol":"V","quantity":1,"price":3450,"timestamp":1739760502429},{"type":"sell","symbol":"GOOGL","quantity":800001,"price":2560,"timestamp":1739847409984},{"type":"buy","symbol":"GOOGL","quantity":800000,"price":1600.973858396819,"timestamp":1740052767654},{"type":"buy","symbol":"GOOGL","quantity":500000,"price":1600.973858396819,"timestamp":1740052798243},{"type":"buy","symbol":"V","quantity":1,"price":2557.9100010348957,"timestamp":1740112252880},{"type":"sell","symbol":"GOOGL","quantity":200000,"price":2001,"timestamp":1740114390748},{"type":"sell","symbol":"GOOGL","quantity":1100000,"price":1383,"timestamp":1740132536905},{"type":"buy","symbol":"AMZN","quantity":1000000,"price":1539.2278475895425,"timestamp":1740132588677},{"type":"buy","symbol":"AMZN","quantity":300000,"price":1531.2064861046545,"timestamp":1740132628889}]},"61561753304881":{"stocks":{"V":{"quantity":1,"averagePrice":2772.0691476230313}},"transactions":[{"type":"buy","symbol":"V","quantity":1,"price":2772.0691476230313,"timestamp":1739184957381}]},"61568522233427":{"stocks":{"META":{"quantity":150,"averagePrice":4932.166666666667}},"transactions":[{"type":"buy","symbol":"META","quantity":150,"price":4932.170574298602,"timestamp":1739355874696}]},"100063397755304":{"stocks":{},"transactions":[]},"100053868457890":{"stocks":{"AAPL":{"quantity":150,"averagePrice":6356.126666666667}},"transactions":[{"type":"buy","symbol":"AMZN","quantity":10,"price":2171.146639798108,"timestamp":1739239841135},{"type":"buy","symbol":"MSFT","quantity":15,"price":4268.8457151938865,"timestamp":1739239940476},{"type":"buy","symbol":"TSLA","quantity":15,"price":4378.275548991384,"timestamp":1739240001996},{"type":"sell","symbol":"AMZN","quantity":10,"price":2689.1746678564873,"timestamp":1739244068493},{"type":"sell","symbol":"TSLA","quantity":15,"price":5702.386209279252,"timestamp":1739245836089},{"type":"sell","symbol":"MSFT","quantity":15,"price":4762.938260877359,"timestamp":1739245848968},{"type":"buy","symbol":"AMZN","quantity":30,"price":1934.7964557634757,"timestamp":1739260108144},{"type":"buy","symbol":"META","quantity":30,"price":4538.672304847198,"timestamp":1739260166202},{"type":"sell","symbol":"AMZN","quantity":30,"price":2067.6495500565698,"timestamp":1739266848028},{"type":"sell","symbol":"META","quantity":30,"price":5857.912684427376,"timestamp":1739268222842},{"type":"buy","symbol":"META","quantity":100,"price":3500.8538682894914,"timestamp":1739327791297},{"type":"buy","symbol":"NVDA","quantity":100,"price":6643.83415889686,"timestamp":1739327835580},{"type":"sell","symbol":"NVDA","quantity":100,"price":8551,"timestamp":1739339800440},{"type":"sell","symbol":"META","quantity":100,"price":5130,"timestamp":1739339817885},{"type":"buy","symbol":"AAPL","quantity":150,"price":4770.613279661613,"timestamp":1739340248004},{"type":"sell","symbol":"AAPL","quantity":150,"price":3523,"timestamp":1739352029046},{"type":"buy","symbol":"AMZN","quantity":150,"price":1761.511332514984,"timestamp":1739412115201},{"type":"buy","symbol":"META","quantity":150,"price":4949.043904505714,"timestamp":1739412126533},{"type":"buy","symbol":"V","quantity":150,"price":5527.047416315339,"timestamp":1739412142719},{"type":"sell","symbol":"META","quantity":150,"price":6222,"timestamp":1739416492813},{"type":"sell","symbol":"V","quantity":150,"price":5619,"timestamp":1739416845142},{"type":"sell","symbol":"AMZN","quantity":150,"price":2009,"timestamp":1739416850697},{"type":"buy","symbol":"TSLA","quantity":100,"price":3720.7220946361604,"timestamp":1739421445435},{"type":"buy","symbol":"V","quantity":50,"price":5007.254642445757,"timestamp":1739421455379},{"type":"buy","symbol":"AMZN","quantity":150,"price":1773.86927536638,"timestamp":1739421472537},{"type":"sell","symbol":"AMZN","quantity":150,"price":2274,"timestamp":1739431919061},{"type":"sell","symbol":"TSLA","quantity":100,"price":4798,"timestamp":1739438204134},{"type":"sell","symbol":"V","quantity":50,"price":6686,"timestamp":1739438226786},{"type":"buy","symbol":"V","quantity":100,"price":5664.573897995218,"timestamp":1739506971648},{"type":"buy","symbol":"GOOGL","quantity":200,"price":1524.8851263361187,"timestamp":1739512969685},{"type":"sell","symbol":"V","quantity":100,"price":7391,"timestamp":1739514552897},{"type":"sell","symbol":"GOOGL","quantity":200,"price":1968,"timestamp":1739514587300},{"type":"buy","symbol":"TSLA","quantity":200,"price":4898.5835943834145,"timestamp":1739514607145},{"type":"buy","symbol":"AMZN","quantity":150,"price":3142.436409181227,"timestamp":1739514630325},{"type":"sell","symbol":"TSLA","quantity":200,"price":5677,"timestamp":1739524287528},{"type":"buy","symbol":"META","quantity":200,"price":5251.778590884415,"timestamp":1739587543511},{"type":"sell","symbol":"META","quantity":200,"price":8364,"timestamp":1739589420133},{"type":"buy","symbol":"TSLA","quantity":200,"price":4975.349396911047,"timestamp":1739589457342},{"type":"sell","symbol":"AMZN","quantity":150,"price":3852,"timestamp":1739601040533},{"type":"buy","symbol":"AAPL","quantity":150,"price":6356.131727804368,"timestamp":1739705656019},{"type":"sell","symbol":"TSLA","quantity":200,"price":4205,"timestamp":1739957436051}]},"100079621883786":{"stocks":{},"transactions":[{"type":"buy","symbol":"JPM","quantity":3000,"price":2232.8480690093206,"timestamp":1739242281893},{"type":"buy","symbol":"AMZN","quantity":3000,"price":3057.170802546806,"timestamp":1739242311693},{"type":"buy","symbol":"AMZN","quantity":3000,"price":3085.9539323501526,"timestamp":1739242432847},{"type":"sell","symbol":"AMZN","quantity":6000,"price":1752,"timestamp":1739357413596},{"type":"sell","symbol":"JPM","quantity":3000,"price":3554,"timestamp":1739357430864}]},"100006842495827":{"stocks":{},"transactions":[{"type":"buy","symbol":"META","quantity":1000,"price":6050.213899827704,"timestamp":1739244921874},{"type":"sell","symbol":"META","quantity":1000,"price":6379.61364635403,"timestamp":1739245384613}]},"100089981373051":{"stocks":{},"transactions":[{"type":"buy","symbol":"GOOGL","quantity":90000,"price":1383.9110625977387,"timestamp":1739679886489},{"type":"buy","symbol":"GOOGL","quantity":30000,"price":1361.9806351121001,"timestamp":1739681442515},{"type":"sell","symbol":"GOOGL","quantity":120000,"price":2560,"timestamp":1739682087687},{"type":"buy","symbol":"GOOGL","quantity":100000,"price":2243.4307052572885,"timestamp":1740025374113},{"type":"sell","symbol":"GOOGL","quantity":100000,"price":2482,"timestamp":1740030836720},{"type":"buy","symbol":"GOOGL","quantity":200000,"price":1440.0526961043088,"timestamp":1740111836437},{"type":"sell","symbol":"GOOGL","quantity":200000,"price":2001,"timestamp":1740114373821},{"type":"buy","symbol":"GOOGL","quantity":300000,"price":1360.7370917161402,"timestamp":1740116459418},{"type":"sell","symbol":"GOOGL","quantity":300000,"price":1409,"timestamp":1740133137795}]},"61550675833089":{"stocks":{"AAPL":{"quantity":6,"averagePrice":3758.7239684957553}},"transactions":[{"type":"buy","symbol":"AAPL","quantity":6,"price":3758.7239684957553,"timestamp":1739254675920}]},"61556923723234":{"stocks":{"AAPL":{"quantity":40,"averagePrice":3733.5428795301546}},"transactions":[{"type":"buy","symbol":"AAPL","quantity":20,"price":3749.827206269326,"timestamp":1739254821712},{"type":"buy","symbol":"AAPL","quantity":10,"price":3738.3992335379994,"timestamp":1739255489652},{"type":"buy","symbol":"AAPL","quantity":10,"price":3696.117872043966,"timestamp":1739255520368}]},"100035610181048":{"stocks":{},"transactions":[{"type":"buy","symbol":"AMZN","quantity":30,"price":1965.0527871805052,"timestamp":1739260124955},{"type":"sell","symbol":"AMZN","quantity":30,"price":1976.8662619060337,"timestamp":1739260158072},{"type":"buy","symbol":"TSLA","quantity":30,"price":3823.6270228640146,"timestamp":1739260169713},{"type":"sell","symbol":"TSLA","quantity":30,"price":5376.902769800333,"timestamp":1739268180116},{"type":"buy","symbol":"TSLA","quantity":30,"price":3455.060768468518,"timestamp":1739327763689},{"type":"buy","symbol":"TSLA","quantity":70,"price":3428.715276106534,"timestamp":1739327814146},{"type":"buy","symbol":"AAPL","quantity":100,"price":3212.7224546503357,"timestamp":1739327865062},{"type":"sell","symbol":"TSLA","quantity":100,"price":4663,"timestamp":1739340195928},{"type":"sell","symbol":"AAPL","quantity":100,"price":3797,"timestamp":1739347212798},{"type":"buy","symbol":"TSLA","quantity":100,"price":4238.524071195336,"timestamp":1739420650486},{"type":"buy","symbol":"GOOGL","quantity":100,"price":1520,"timestamp":1739420662494},{"type":"sell","symbol":"TSLA","quantity":100,"price":4798,"timestamp":1739438191838},{"type":"buy","symbol":"TSLA","quantity":100,"price":3651.6384959198817,"timestamp":1739506960003},{"type":"buy","symbol":"AAPL","quantity":100,"price":3704.646377892895,"timestamp":1739512969272},{"type":"sell","symbol":"TSLA","quantity":100,"price":4898,"timestamp":1739514600189},{"type":"sell","symbol":"GOOGL","quantity":100,"price":1941,"timestamp":1739514651507},{"type":"buy","symbol":"META","quantity":150,"price":7338.838849485185,"timestamp":1739514688247},{"type":"sell","symbol":"META","quantity":150,"price":9129,"timestamp":1739590845283},{"type":"sell","symbol":"AAPL","quantity":100,"price":4642,"timestamp":1739613631580}]},"61568733064572":{"stocks":{},"transactions":[{"type":"buy","symbol":"JPM","quantity":13,"price":2340.3221539425285,"timestamp":1739267862184},{"type":"sell","symbol":"JPM","quantity":13,"price":2349.479839844674,"timestamp":1739267894660}]},"100053857386814":{"stocks":{},"transactions":[{"type":"buy","symbol":"MSFT","quantity":1,"price":5799.591334601045,"timestamp":1739271499646},{"type":"buy","symbol":"MSFT","quantity":19,"price":5031.791456422701,"timestamp":1739271603384},{"type":"sell","symbol":"MSFT","quantity":20,"price":6715.189142622693,"timestamp":1739273572045},{"type":"buy","symbol":"GOOGL","quantity":40,"price":1780.340907723422,"timestamp":1739274279850},{"type":"buy","symbol":"GOOGL","quantity":40,"price":1757.658407779354,"timestamp":1739274298269},{"type":"buy","symbol":"GOOGL","quantity":40,"price":1757.658407779354,"timestamp":1739274312170},{"type":"buy","symbol":"GOOGL","quantity":40,"price":1788.1370956467435,"timestamp":1739274342759},{"type":"buy","symbol":"MSFT","quantity":2000,"price":3837.5045334358597,"timestamp":1739347658881},{"type":"buy","symbol":"NVDA","quantity":1500,"price":5719.532488598214,"timestamp":1739351932822},{"type":"sell","symbol":"MSFT","quantity":2000,"price":6052,"timestamp":1739433396012},{"type":"buy","symbol":"NVDA","quantity":10000,"price":6333.423975364337,"timestamp":1739445772053},{"type":"sell","symbol":"NVDA","quantity":11500,"price":8733,"timestamp":1739446200268},{"type":"sell","symbol":"GOOGL","quantity":160,"price":2028,"timestamp":1739446267729},{"type":"buy","symbol":"MSFT","quantity":10000,"price":6691.768097345255,"timestamp":1739508885865},{"type":"buy","symbol":"NVDA","quantity":10000,"price":6184.024544059763,"timestamp":1739508922616},{"type":"buy","symbol":"NVDA","quantity":3800,"price":5726.636607718026,"timestamp":1739512116204},{"type":"sell","symbol":"NVDA","quantity":13800,"price":8306,"timestamp":1739524242701},{"type":"sell","symbol":"MSFT","quantity":10000,"price":8444,"timestamp":1739524256919},{"type":"buy","symbol":"MSFT","quantity":10000,"price":5883.4147256213755,"timestamp":1739526531758},{"type":"buy","symbol":"MSFT","quantity":5000,"price":5573.7613190097245,"timestamp":1739526601737},{"type":"buy","symbol":"GOOGL","quantity":200000,"price":1497.126451723244,"timestamp":1739598863451},{"type":"sell","symbol":"GOOGL","quantity":200000,"price":2203,"timestamp":1739609151637},{"type":"buy","symbol":"GOOGL","quantity":200000,"price":1401.7001752677133,"timestamp":1739609789832},{"type":"sell","symbol":"MSFT","quantity":15000,"price":6949,"timestamp":1739610244367},{"type":"sell","symbol":"GOOGL","quantity":200000,"price":2066,"timestamp":1739613650776},{"type":"buy","symbol":"GOOGL","quantity":400000,"price":1398.8860093195308,"timestamp":1739618978320},{"type":"sell","symbol":"GOOGL","quantity":400000,"price":1726,"timestamp":1739619204444},{"type":"buy","symbol":"GOOGL","quantity":600000,"price":1391.648579019712,"timestamp":1739671303549},{"type":"sell","symbol":"GOOGL","quantity":600000,"price":1920,"timestamp":1739671420877},{"type":"buy","symbol":"GOOGL","quantity":600000,"price":1364.1818693489633,"timestamp":1739672162621},{"type":"buy","symbol":"GOOGL","quantity":150000,"price":1364.1818693489633,"timestamp":1739672240733},{"type":"buy","symbol":"GOOGL","quantity":100000,"price":1364.1818693489633,"timestamp":1739672257287},{"type":"sell","symbol":"GOOGL","quantity":850000,"price":1840,"timestamp":1739677344057},{"type":"buy","symbol":"GOOGL","quantity":850000,"price":1397.139661075534,"timestamp":1739679783430},{"type":"sell","symbol":"GOOGL","quantity":850000,"price":1878,"timestamp":1739680910754},{"type":"buy","symbol":"GOOGL","quantity":850000,"price":1361.9806351121001,"timestamp":1739681386305},{"type":"buy","symbol":"GOOGL","quantity":500000,"price":1373.8456703275842,"timestamp":1739681770302},{"type":"sell","symbol":"GOOGL","quantity":1350000,"price":2560,"timestamp":1739682035554},{"type":"buy","symbol":"GOOGL","quantity":1,"price":2656.7041499116244,"timestamp":1739683179416},{"type":"buy","symbol":"TSLA","quantity":1,"price":3600,"timestamp":1739686092487},{"type":"sell","symbol":"GOOGL","quantity":1,"price":2560,"timestamp":1739847498212},{"type":"sell","symbol":"TSLA","quantity":1,"price":3300,"timestamp":1739861223753},{"type":"buy","symbol":"GOOGL","quantity":1500000,"price":1602.1544561328528,"timestamp":1740029308139},{"type":"buy","symbol":"GOOGL","quantity":100000,"price":1602.1018151380285,"timestamp":1740029513209},{"type":"buy","symbol":"GOOGL","quantity":100000,"price":1602.1018151380285,"timestamp":1740029556358},{"type":"sell","symbol":"GOOGL","quantity":1700000,"price":2562,"timestamp":1740031362022},{"type":"buy","symbol":"GOOGL","quantity":2000000,"price":1682.0195521555804,"timestamp":1740035645402},{"type":"buy","symbol":"GOOGL","quantity":500000,"price":1601.9233830053147,"timestamp":1740035674338},{"type":"sell","symbol":"GOOGL","quantity":2500000,"price":2082,"timestamp":1740037847265},{"type":"buy","symbol":"GOOGL","quantity":3000000,"price":1600.973858396819,"timestamp":1740052764328},{"type":"buy","symbol":"GOOGL","quantity":200000,"price":1600.973858396819,"timestamp":1740052784869},{"type":"sell","symbol":"GOOGL","quantity":3200000,"price":2241,"timestamp":1740112718315},{"type":"buy","symbol":"GOOGL","quantity":4000000,"price":1363.3160889625217,"timestamp":1740115963210},{"type":"buy","symbol":"GOOGL","quantity":1000000,"price":1362.6757143685018,"timestamp":1740115978399},{"type":"buy","symbol":"GOOGL","quantity":200000,"price":1361.343953061167,"timestamp":1740116045524},{"type":"buy","symbol":"GOOGL","quantity":100000,"price":1361.6286162235474,"timestamp":1740116061333},{"type":"sell","symbol":"GOOGL","quantity":5300000,"price":1471,"timestamp":1740133415895}]},"100048267517770":{"stocks":{},"transactions":[]},"61555034078738":{"stocks":{"META":{"quantity":200,"averagePrice":4932.17}},"transactions":[{"type":"buy","symbol":"META","quantity":200,"price":4932.170574298602,"timestamp":1739355933183}]},"61563759854074":{"stocks":{},"transactions":[]},"61550331471452":{"stocks":{},"transactions":[]},"100055074463541":{"stocks":{"GOOGL":{"quantity":100,"averagePrice":1401.7}},"transactions":[{"type":"buy","symbol":"GOOGL","quantity":100,"price":1401.7001752677133,"timestamp":1739609761827}]},"61568641631000":{"stocks":{},"transactions":[{"type":"buy","symbol":"NVDA","quantity":1000,"price":6436.812772196746,"timestamp":1739415979508},{"type":"buy","symbol":"NVDA","quantity":1000,"price":6436.812772196746,"timestamp":1739415991926},{"type":"buy","symbol":"GOOGL","quantity":10000,"price":1526.6153150051398,"timestamp":1739416845503},{"type":"buy","symbol":"NVDA","quantity":8000,"price":5767.336864570373,"timestamp":1739416866724},{"type":"buy","symbol":"NVDA","quantity":1000,"price":5767.336864570373,"timestamp":1739416880592},{"type":"sell","symbol":"GOOGL","quantity":10000,"price":1980,"timestamp":1739528599385},{"type":"sell","symbol":"NVDA","quantity":11000,"price":8515,"timestamp":1739590933882},{"type":"buy","symbol":"GOOGL","quantity":100000,"price":1372.789085548507,"timestamp":1739597227536},{"type":"buy","symbol":"TSLA","quantity":5000,"price":2910.3505857841424,"timestamp":1739597336380},{"type":"sell","symbol":"TSLA","quantity":5000,"price":4074,"timestamp":1739598568270},{"type":"sell","symbol":"GOOGL","quantity":100000,"price":2276,"timestamp":1739598645693},{"type":"buy","symbol":"GOOGL","quantity":100000,"price":1497.126451723244,"timestamp":1739598879994},{"type":"buy","symbol":"GOOGL","quantity":70000,"price":1497.126451723244,"timestamp":1739598890431},{"type":"sell","symbol":"GOOGL","quantity":170000,"price":2203,"timestamp":1739609150087},{"type":"buy","symbol":"GOOGL","quantity":200000,"price":1401.7001752677133,"timestamp":1739609731270},{"type":"buy","symbol":"GOOGL","quantity":59000,"price":1401.7001752677133,"timestamp":1739609744188},{"type":"sell","symbol":"GOOGL","quantity":259000,"price":2027,"timestamp":1739613671725},{"type":"buy","symbol":"GOOGL","quantity":200000,"price":1364.1818693489633,"timestamp":1739672224654},{"type":"buy","symbol":"GOOGL","quantity":196000,"price":1364.1818693489633,"timestamp":1739672237949},{"type":"buy","symbol":"GOOGL","quantity":1,"price":1760,"timestamp":1739778868919},{"type":"sell","symbol":"GOOGL","quantity":396001,"price":2560,"timestamp":1739847611122},{"type":"buy","symbol":"AAPL","quantity":100000,"price":2200.4918394677807,"timestamp":1739861734464},{"type":"buy","symbol":"AMZN","quantity":50000,"price":1980.0622647472549,"timestamp":1739861743270},{"type":"sell","symbol":"AAPL","quantity":100000,"price":2700,"timestamp":1739877483366},{"type":"sell","symbol":"AMZN","quantity":50000,"price":2610,"timestamp":1739879433107},{"type":"buy","symbol":"GOOGL","quantity":100000,"price":2160.2277385143116,"timestamp":1739955913852},{"type":"buy","symbol":"AAPL","quantity":100000,"price":2700.2313043360773,"timestamp":1739955920045},{"type":"sell","symbol":"GOOGL","quantity":100000,"price":2240,"timestamp":1739959577418},{"type":"buy","symbol":"AMZN","quantity":500000,"price":1981.614155779339,"timestamp":1739962828071},{"type":"sell","symbol":"AMZN","quantity":500000,"price":2703,"timestamp":1739966051757},{"type":"buy","symbol":"AMZN","quantity":600000,"price":1891.705511186875,"timestamp":1740023710632},{"type":"buy","symbol":"AMZN","quantity":100000,"price":1891.705511186875,"timestamp":1740023728304},{"type":"buy","symbol":"AMZN","quantity":70000,"price":1891.705511186875,"timestamp":1740023770967},{"type":"sell","symbol":"AMZN","quantity":770000,"price":2791,"timestamp":1740026378271},{"type":"sell","symbol":"AAPL","quantity":100000,"price":2806,"timestamp":1740030956822}]},"61556582712090":{"stocks":{},"transactions":[{"type":"buy","symbol":"GOOGL","quantity":40000,"price":1398.8860093195308,"timestamp":1739618947130},{"type":"buy","symbol":"GOOGL","quantity":16778,"price":1398.8860093195308,"timestamp":1739618959491},{"type":"sell","symbol":"GOOGL","quantity":56778,"price":1873,"timestamp":1739619582737},{"type":"buy","symbol":"GOOGL","quantity":70000,"price":1413.71191570968,"timestamp":1739619992114},{"type":"sell","symbol":"GOOGL","quantity":70000,"price":1840,"timestamp":1739677745299},{"type":"buy","symbol":"GOOGL","quantity":50000,"price":1397.139661075534,"timestamp":1739679827209},{"type":"sell","symbol":"GOOGL","quantity":50000,"price":1878,"timestamp":1739680891368},{"type":"buy","symbol":"GOOGL","quantity":100000,"price":1361.9806351121001,"timestamp":1739681385445},{"type":"buy","symbol":"GOOGL","quantity":10000,"price":1361.9806351121001,"timestamp":1739681446932},{"type":"sell","symbol":"GOOGL","quantity":110000,"price":2560,"timestamp":1739682083847},{"type":"buy","symbol":"GOOGL","quantity":150000,"price":1400.1561308217279,"timestamp":1739682472950},{"type":"buy","symbol":"GOOGL","quantity":100000,"price":1420.5729047346383,"timestamp":1739682781400},{"type":"sell","symbol":"GOOGL","quantity":250000,"price":2353,"timestamp":1739682866804},{"type":"buy","symbol":"GOOGL","quantity":400000,"price":1360,"timestamp":1739691350201},{"type":"buy","symbol":"MSFT","quantity":1,"price":4800,"timestamp":1739760053550},{"type":"sell","symbol":"GOOGL","quantity":400000,"price":2560,"timestamp":1739847454607},{"type":"buy","symbol":"GOOGL","quantity":450000,"price":2080.2330523550413,"timestamp":1739937460245},{"type":"sell","symbol":"GOOGL","quantity":450000,"price":2480,"timestamp":1739945149170},{"type":"buy","symbol":"GOOGL","quantity":500000,"price":1840.4002411186943,"timestamp":1739958604893},{"type":"buy","symbol":"MSFT","quantity":25000,"price":4600.871880780086,"timestamp":1739958657499},{"type":"sell","symbol":"GOOGL","quantity":500000,"price":2402,"timestamp":1740020140892},{"type":"sell","symbol":"MSFT","quantity":25001,"price":5402,"timestamp":1740021959701},{"type":"buy","symbol":"GOOGL","quantity":800000,"price":1682.1602004396184,"timestamp":1740024030533},{"type":"sell","symbol":"GOOGL","quantity":800000,"price":2083,"timestamp":1740026421356},{"type":"buy","symbol":"GOOGL","quantity":1000000,"price":1602.1544561328528,"timestamp":1740029369838},{"type":"sell","symbol":"GOOGL","quantity":1000000,"price":2322,"timestamp":1740032012323}]},"100080149704587":{"stocks":{},"transactions":[]},"61573427362389":{"stocks":{},"transactions":[{"type":"buy","symbol":"AAPL","quantity":1,"price":1700,"timestamp":1739700187219},{"type":"sell","symbol":"AAPL","quantity":1,"price":3200,"timestamp":1739847218005}]},"61561277064921":{"stocks":{"META":{"quantity":5,"averagePrice":5002.4},"NVDA":{"quantity":5,"averagePrice":7501.6},"GOOGL":{"quantity":6,"averagePrice":2000}},"transactions":[{"type":"buy","symbol":"META","quantity":5,"price":5002.585790394795,"timestamp":1739954884307},{"type":"buy","symbol":"NVDA","quantity":5,"price":7501.783430412621,"timestamp":1739955005531},{"type":"buy","symbol":"GOOGL","quantity":6,"price":2000,"timestamp":1739955049848}]},"100008297661441":{"stocks":{"NVDA":{"quantity":5,"averagePrice":7501.6}},"transactions":[{"type":"buy","symbol":"NVDA","quantity":5,"price":7501.783430412621,"timestamp":1739954925799}]},"100063719077878":{"stocks":{"AAPL":{"quantity":200000,"averagePrice":1804.1649}},"transactions":[{"type":"buy","symbol":"AAPL","quantity":200000,"price":1804.1649013562387,"timestamp":1740030409147}]},"100055052811579":{"stocks":{"GOOGL":{"quantity":8000,"averagePrice":1361.5255}},"transactions":[{"type":"buy","symbol":"AAPL","quantity":10000,"price":2806.0597273159688,"timestamp":1740037523967},{"type":"sell","symbol":"AAPL","quantity":10000,"price":1708,"timestamp":1740121970177},{"type":"buy","symbol":"GOOGL","quantity":10000,"price":1361.5255577294,"timestamp":1740123957344},{"type":"sell","symbol":"GOOGL","quantity":2000,"price":1787,"timestamp":1740136653504}]},"100085332848950":{"stocks":{},"transactions":[]},"61570532692675":{"stocks":{},"transactions":[]}}