{"61561753304881":{"coins":{},"transactions":[{"type":"buy","symbol":"BTC","amount":1,"price":94410.02039507293,"timestamp":1739022130572},{"type":"sell","symbol":"BTC","amount":1,"price":91730.36250850598,"timestamp":1739023054475}],"lastUpdate":1739022130571},"100068382888605":{"coins":{},"transactions":[{"type":"buy","symbol":"BTC","amount":50,"price":1000,"timestamp":1739022636493},{"type":"buy","symbol":"BTC","amount":100,"price":1000,"timestamp":1739022724564},{"type":"sell","symbol":"BTC","amount":150,"price":91864.8252700835,"timestamp":1739022904501}],"lastUpdate":1739022636490},"100053868457890":{"coins":{"BTC":{"amount":100,"averagePrice":96930.1608728252},"ETH":{"amount":50,"averagePrice":2430.369310303163}},"transactions":[{"type":"buy","symbol":"BTC","amount":100,"price":1000,"timestamp":1739022799591},{"type":"sell","symbol":"BTC","amount":50,"price":94828.33284705391,"timestamp":1739024645506},{"type":"sell","symbol":"BTC","amount":50,"price":92555.7284588303,"timestamp":1739024798298},{"type":"buy","symbol":"BTC","amount":10,"price":98592.87761505388,"timestamp":1739024882188},{"type":"buy","symbol":"BTC","amount":90,"price":96745.41456813311,"timestamp":1739025231880},{"type":"buy","symbol":"ETH","amount":50,"price":2430.369310303163,"timestamp":1739025268227}],"lastUpdate":1739022799591},"100071151188537":{"coins":{},"transactions":[],"lastUpdate":1739023191891},"61568522233427":{"coins":{},"transactions":[],"lastUpdate":1739025028706},"100081800629553":{"coins":{},"transactions":[{"type":"buy","symbol":"BTC","amount":1,"price":99706.44289279568,"timestamp":1739025037087},{"type":"sell","symbol":"BTC","amount":1,"price":99706.44289279568,"timestamp":1739025047068},{"type":"buy","symbol":"BTC","amount":1,"price":99706.44289279568,"timestamp":1739025074267},{"type":"sell","symbol":"BTC","amount":1,"price":91671.03439094516,"timestamp":1739025100697},{"type":"buy","symbol":"BTC","amount":1,"price":94369.0547897988,"timestamp":1739025526847},{"type":"sell","symbol":"BTC","amount":1,"price":94369.0547897988,"timestamp":1739025535740},{"type":"buy","symbol":"BTC","amount":1,"price":94369.0547897988,"timestamp":1739025546014},{"type":"buy","symbol":"BTC","amount":1,"price":94369.0547897988,"timestamp":1739025555322},{"type":"sell","symbol":"BTC","amount":2,"price":96780.83932226848,"timestamp":1739025630427}],"lastUpdate":1739025037087},"61560872141013":{"coins":{"BTC":{"amount":16,"averagePrice":94783.43301876211}},"transactions":[{"type":"buy","symbol":"BTC","amount":1,"price":94369.0547897988,"timestamp":1739025534714},{"type":"buy","symbol":"BTC","amount":1,"price":94369.0547897988,"timestamp":1739025542738},{"type":"buy","symbol":"BTC","amount":1,"price":94369.0547897988,"timestamp":1739025549977},{"type":"buy","symbol":"BTC","amount":1,"price":94369.0547897988,"timestamp":1739025555406},{"type":"buy","symbol":"BTC","amount":1,"price":94369.0547897988,"timestamp":1739025561399},{"type":"buy","symbol":"BTC","amount":1,"price":93464.24295664289,"timestamp":1739025570918},{"type":"buy","symbol":"BTC","amount":1,"price":93464.24295664289,"timestamp":1739025576799},{"type":"buy","symbol":"BTC","amount":1,"price":93464.24295664289,"timestamp":1739025582935},{"type":"buy","symbol":"BTC","amount":1,"price":93464.24295664289,"timestamp":1739025606705},{"type":"buy","symbol":"BTC","amount":1,"price":93464.24295664289,"timestamp":1739025611990},{"type":"buy","symbol":"BTC","amount":1,"price":93464.24295664289,"timestamp":1739025617090},{"type":"buy","symbol":"BTC","amount":1,"price":96780.83932226848,"timestamp":1739025625126},{"type":"buy","symbol":"BTC","amount":1,"price":96780.83932226848,"timestamp":1739025634422},{"type":"buy","symbol":"BTC","amount":1,"price":96780.83932226848,"timestamp":1739025640705},{"type":"buy","symbol":"BTC","amount":1,"price":96780.83932226848,"timestamp":1739025646006},{"type":"buy","symbol":"BTC","amount":1,"price":96780.83932226848,"timestamp":1739025651877}],"lastUpdate":1739025534714}}