{"61561753304881":{"stocks":{"FPT":{"quantity":1,"averagePrice":33393}},"transactions":[{"type":"buy","symbol":"FPT","quantity":100,"price":84490,"timestamp":1738813304724},{"type":"buy","symbol":"FPT","quantity":500,"price":84490,"timestamp":1738813321797},{"type":"buy","symbol":"FPT","quantity":1,"price":36684,"timestamp":1738817174715},{"type":"buy","symbol":"BID","quantity":10,"price":96503,"timestamp":1738817245209},{"type":"sell","symbol":"FPT","quantity":601,"price":90000,"timestamp":1738841532297},{"type":"sell","symbol":"BID","quantity":10,"price":39183,"timestamp":1738847391565},{"type":"buy","symbol":"FPT","quantity":1,"price":33393,"timestamp":1738847403655}],"lastUpdate":1738813304721},"61560872141013":{"stocks":{"FPT":{"quantity":100,"averagePrice":31439},"MSN":{"quantity":20,"averagePrice":92614}},"transactions":[{"type":"buy","symbol":"FPT","quantity":100,"price":31439,"timestamp":1738815630521},{"type":"buy","symbol":"MSN","quantity":10,"price":91934,"timestamp":1738815887456},{"type":"buy","symbol":"MSN","quantity":10,"price":93294,"timestamp":1738815930193},{"type":"buy","symbol":"VCB","quantity":10,"price":56675,"timestamp":1738816256187},{"type":"sell","symbol":"VCB","quantity":10,"price":30421,"timestamp":1738816614603}],"lastUpdate":1738815471187},"100081800629553":{"stocks":{"VCB":{"quantity":782,"averagePrice":20842}},"transactions":[{"type":"buy","symbol":"MSN","quantity":120,"price":26023,"timestamp":1738818414205},{"type":"buy","symbol":"MSN","quantity":18,"price":24010,"timestamp":1738818423115},{"type":"buy","symbol":"MSN","quantity":1,"price":24010,"timestamp":1738818432641},{"type":"buy","symbol":"FPT","quantity":100,"price":72683,"timestamp":1738823288671},{"type":"sell","symbol":"FPT","quantity":100,"price":15683,"timestamp":1738827132658},{"type":"sell","symbol":"MSN","quantity":139,"price":12137,"timestamp":1738827172720},{"type":"buy","symbol":"VNM","quantity":9912,"price":2436,"timestamp":1738828615245},{"type":"sell","symbol":"VNM","quantity":9912,"price":2188,"timestamp":1738831634338},{"type":"buy","symbol":"VIC","quantity":622,"price":34851,"timestamp":1738831716874},{"type":"sell","symbol":"VIC","quantity":622,"price":34851,"timestamp":1738838538700},{"type":"buy","symbol":"VCB","quantity":782,"price":20842,"timestamp":1738903762476}],"lastUpdate":1738815571989},"100049109850406":{"stocks":{"FPT":{"quantity":200,"averagePrice":24734}},"transactions":[{"type":"buy","symbol":"BID","quantity":20,"price":109299,"timestamp":1738817004784},{"type":"buy","symbol":"BID","quantity":20,"price":109753,"timestamp":1738817044404},{"type":"buy","symbol":"BID","quantity":10,"price":109093,"timestamp":1738817058518},{"type":"buy","symbol":"BID","quantity":1,"price":109093,"timestamp":1738817063874},{"type":"buy","symbol":"FPT","quantity":50,"price":36684,"timestamp":1738817120824},{"type":"buy","symbol":"FPT","quantity":100,"price":36684,"timestamp":1738817135669},{"type":"buy","symbol":"FPT","quantity":100,"price":44381,"timestamp":1738817215994},{"type":"sell","symbol":"FPT","quantity":250,"price":8121,"timestamp":1738840793269},{"type":"sell","symbol":"BID","quantity":51,"price":13908,"timestamp":1738840859806},{"type":"buy","symbol":"FPT","quantity":100,"price":25626,"timestamp":1738904278572},{"type":"buy","symbol":"FPT","quantity":100,"price":23842,"timestamp":1738904296233}],"lastUpdate":1738817004783},"100050363228652":{"stocks":{},"transactions":[],"lastUpdate":1738818238707},"61568522233427":{"stocks":{},"transactions":[],"lastUpdate":1738819858968},"100063719077878":{"stocks":{},"transactions":[{"type":"buy","symbol":"FPT","quantity":10,"price":65976,"timestamp":1738823302995},{"type":"sell","symbol":"FPT","quantity":10,"price":61699,"timestamp":1738823355268}],"lastUpdate":1738823302994},"100058320200877":{"stocks":{},"transactions":[],"lastUpdate":1738828742122},"100089981373051":{"stocks":{},"transactions":[],"lastUpdate":1738847432711},"61555034078738":{"stocks":{},"transactions":[],"lastUpdate":1738851278819},"100063817249915":{"stocks":{"VCB":{"quantity":570,"averagePrice":74885}},"transactions":[{"type":"buy","symbol":"VCB","quantity":570,"price":74885,"timestamp":1738913550341}],"lastUpdate":1738913500057}}