{"100051073987266":{"stocks":{},"transactions":[]},"100048502504358":{"stocks":{"META":{"quantity":1800,"averagePrice":4572.371810401835}},"transactions":[{"type":"buy","symbol":"TSLA","quantity":1000,"price":5557.259891456882,"timestamp":1739182749689},{"type":"buy","symbol":"TSLA","quantity":800,"price":5606.030046868538,"timestamp":1739182825620},{"type":"sell","symbol":"TSLA","quantity":1800,"price":5200.173160981727,"timestamp":1739254082460},{"type":"buy","symbol":"AMZN","quantity":1000,"price":2052.958038253141,"timestamp":1739254163633},{"type":"buy","symbol":"AMZN","quantity":3000,"price":2114.0956758644425,"timestamp":1739254210835},{"type":"buy","symbol":"AMZN","quantity":440,"price":2132.3029925297524,"timestamp":1739254247134},{"type":"sell","symbol":"AMZN","quantity":4440,"price":1911.9254184041458,"timestamp":1739260557012},{"type":"buy","symbol":"META","quantity":1000,"price":4572.371810401835,"timestamp":1739260576461},{"type":"buy","symbol":"META","quantity":800,"price":4572.371810401835,"timestamp":1739260584909}]},"100076957299243":{"stocks":{},"transactions":[{"type":"buy","symbol":"TSLA","quantity":100,"price":5557.258216615704,"timestamp":1739182775627},{"type":"buy","symbol":"AAPL","quantity":100,"price":3130.4651439881713,"timestamp":1739182790113},{"type":"buy","symbol":"JPM","quantity":100,"price":2806.1031456920964,"timestamp":1739182807871},{"type":"buy","symbol":"TSLA","quantity":900,"price":5512.155356228623,"timestamp":1739182860610},{"type":"sell","symbol":"JPM","quantity":100,"price":2868.7229614253215,"timestamp":1739182911148},{"type":"buy","symbol":"AMZN","quantity":1000,"price":2671.005726552198,"timestamp":1739182967887},{"type":"buy","symbol":"TSLA","quantity":1000,"price":5823.195743561176,"timestamp":1739183028837},{"type":"sell","symbol":"TSLA","quantity":1000,"price":5421.185272757182,"timestamp":1739183545905},{"type":"sell","symbol":"TSLA","quantity":1000,"price":5099.816315975098,"timestamp":1739183669163},{"type":"sell","symbol":"AMZN","quantity":1000,"price":2686.8300579744255,"timestamp":1739249327242},{"type":"sell","symbol":"AAPL","quantity":100,"price":4577.587272491863,"timestamp":1739249337022}]},"100053970942155":{"stocks":{"AAPL":{"quantity":10000,"averagePrice":3811.4894143872043},"GOOGL":{"quantity":15000,"averagePrice":2356.118509585459},"AMZN":{"quantity":5000,"averagePrice":2397.6887594830155}},"transactions":[{"type":"buy","symbol":"AAPL","quantity":500,"price":3118.5818619933593,"timestamp":1739182750128},{"type":"buy","symbol":"MSFT","quantity":500,"price":5578.764353398946,"timestamp":1739182788627},{"type":"buy","symbol":"TSLA","quantity":1000,"price":5606.030046868538,"timestamp":1739182834920},{"type":"buy","symbol":"AMZN","quantity":500,"price":2138.7003751073216,"timestamp":1739184342118},{"type":"sell","symbol":"TSLA","quantity":1000,"price":5556.351408501133,"timestamp":1739242357206},{"type":"buy","symbol":"AAPL","quantity":500,"price":3827.183500386999,"timestamp":1739244621278},{"type":"buy","symbol":"AAPL","quantity":9000,"price":3849.1123847424296,"timestamp":1739244762937},{"type":"buy","symbol":"GOOGL","quantity":5000,"price":3096.8152824946023,"timestamp":1739244884878},{"type":"buy","symbol":"AMZN","quantity":9500,"price":2435.0106300862344,"timestamp":1739250831468},{"type":"sell","symbol":"MSFT","quantity":500,"price":4825.890441878452,"timestamp":1739261859712},{"type":"buy","symbol":"AMZN","quantity":5000,"price":1962.7523190854831,"timestamp":1739262936285},{"type":"sell","symbol":"AMZN","quantity":15000,"price":2583.2451801329053,"timestamp":1739272472732},{"type":"buy","symbol":"GOOGL","quantity":10000,"price":1985.770123130887,"timestamp":1739273216967},{"type":"buy","symbol":"AMZN","quantity":5000,"price":2397.6887594830155,"timestamp":1739273762412}]},"100068382888605":{"stocks":{},"transactions":[{"type":"buy","symbol":"TSLA","quantity":1000,"price":5512.155356228623,"timestamp":1739182862921},{"type":"buy","symbol":"TSLA","quantity":3000,"price":5464.262412875031,"timestamp":1739182880006},{"type":"buy","symbol":"GOOGL","quantity":1000,"price":2485.959289817833,"timestamp":1739184057330},{"type":"buy","symbol":"AAPL","quantity":5000,"price":2525.4698977053754,"timestamp":1739184078570},{"type":"buy","symbol":"AMZN","quantity":5000,"price":2259.394878441796,"timestamp":1739184116193},{"type":"buy","symbol":"MSFT","quantity":1000,"price":4931.939569842082,"timestamp":1739184188799},{"type":"buy","symbol":"AAPL","quantity":5000,"price":2272.173500147349,"timestamp":1739184369875},{"type":"buy","symbol":"AAPL","quantity":3000,"price":2249.273916942877,"timestamp":1739184387201},{"type":"sell","symbol":"AAPL","quantity":13000,"price":3977.780211930531,"timestamp":1739242351043},{"type":"sell","symbol":"AMZN","quantity":5000,"price":3283.860896090015,"timestamp":1739242930406},{"type":"buy","symbol":"AMZN","quantity":5000,"price":3230.839387016303,"timestamp":1739243044965},{"type":"buy","symbol":"META","quantity":1000,"price":5287.5418450819,"timestamp":1739243676013},{"type":"buy","symbol":"AMZN","quantity":5000,"price":2637.555509974087,"timestamp":1739243735908},{"type":"buy","symbol":"META","quantity":10000,"price":5204.469186755285,"timestamp":1739243803945},{"type":"buy","symbol":"META","quantity":1000,"price":5144.702980756671,"timestamp":1739243814472},{"type":"buy","symbol":"MSFT","quantity":1000,"price":4512.1475265869285,"timestamp":1739244781523},{"type":"sell","symbol":"AMZN","quantity":10000,"price":3074.6195419511437,"timestamp":1739244865880},{"type":"buy","symbol":"AMZN","quantity":10000,"price":3068.523160044586,"timestamp":1739245001660},{"type":"buy","symbol":"MSFT","quantity":1000,"price":4699.577049722267,"timestamp":1739245135873},{"type":"buy","symbol":"MSFT","quantity":2000,"price":4699.577049722267,"timestamp":1739245146937},{"type":"buy","symbol":"NVDA","quantity":500,"price":5868.34834986525,"timestamp":1739247107353},{"type":"sell","symbol":"META","quantity":12000,"price":6517.955843394371,"timestamp":1739254122286},{"type":"sell","symbol":"MSFT","quantity":5000,"price":5375.678456025539,"timestamp":1739254145497},{"type":"buy","symbol":"AMZN","quantity":50000,"price":2049.5722618279096,"timestamp":1739254410371},{"type":"buy","symbol":"META","quantity":2000,"price":4451.82883051246,"timestamp":1739260481900},{"type":"buy","symbol":"META","quantity":500,"price":4451.82883051246,"timestamp":1739260494780},{"type":"buy","symbol":"AAPL","quantity":1000,"price":2875.697462124611,"timestamp":1739260880585},{"type":"buy","symbol":"META","quantity":1000,"price":4496.448643627702,"timestamp":1739260991241},{"type":"sell","symbol":"TSLA","quantity":3000,"price":4145.453984320132,"timestamp":1739261159622},{"type":"buy","symbol":"META","quantity":2000,"price":4459.989392843073,"timestamp":1739261178313},{"type":"buy","symbol":"META","quantity":1000,"price":4459.989392843073,"timestamp":1739261191547},{"type":"sell","symbol":"NVDA","quantity":500,"price":6342.676934829086,"timestamp":1739261865499},{"type":"sell","symbol":"AAPL","quantity":1000,"price":2839.607167272916,"timestamp":1739261911900},{"type":"sell","symbol":"AMZN","quantity":60000,"price":2299.9729809823857,"timestamp":1739265740800},{"type":"buy","symbol":"META","quantity":10000,"price":3904.157580742689,"timestamp":1739265833821},{"type":"buy","symbol":"META","quantity":20000,"price":3905.3019180010624,"timestamp":1739265878154},{"type":"sell","symbol":"GOOGL","quantity":1000,"price":2524.8653611388663,"timestamp":1739267150914},{"type":"sell","symbol":"META","quantity":36500,"price":5049.143487612456,"timestamp":1739267611294},{"type":"sell","symbol":"TSLA","quantity":1000,"price":4287.615360054742,"timestamp":1739267854007},{"type":"buy","symbol":"AMZN","quantity":10000,"price":1868.556302926584,"timestamp":1739268800898},{"type":"buy","symbol":"AMZN","quantity":10000,"price":2242.3656963080016,"timestamp":1739269724116},{"type":"sell","symbol":"AMZN","quantity":20000,"price":2284.904236165065,"timestamp":1739269739391},{"type":"buy","symbol":"MSFT","quantity":10000,"price":5626.924055476756,"timestamp":1739271118166},{"type":"buy","symbol":"GOOGL","quantity":10000,"price":1846.2521473832169,"timestamp":1739271653571},{"type":"buy","symbol":"AMZN","quantity":10000,"price":1852.974311880847,"timestamp":1739271664629},{"type":"sell","symbol":"MSFT","quantity":10000,"price":6723.808051332877,"timestamp":1739272025771},{"type":"sell","symbol":"AMZN","quantity":10000,"price":2536.5719017499473,"timestamp":1739272038828},{"type":"sell","symbol":"GOOGL","quantity":10000,"price":2362.168253786885,"timestamp":1739272080927},{"type":"buy","symbol":"GOOGL","quantity":20000,"price":2282.2825816798886,"timestamp":1739272366441},{"type":"sell","symbol":"GOOGL","quantity":20000,"price":2331.7959622254357,"timestamp":1739273514245},{"type":"buy","symbol":"TSLA","quantity":10000,"price":4057.043898200624,"timestamp":1739273552104},{"type":"buy","symbol":"JPM","quantity":10000,"price":2782.843344026538,"timestamp":1739273568695},{"type":"buy","symbol":"GOOGL","quantity":10000,"price":1802.6566023411174,"timestamp":1739274033435},{"type":"buy","symbol":"MSFT","quantity":1000,"price":5603.8057487462,"timestamp":1739274122648},{"type":"buy","symbol":"NVDA","quantity":1000,"price":7139.433152798822,"timestamp":1739274158183},{"type":"sell","symbol":"GOOGL","quantity":10000,"price":2233.6027148085554,"timestamp":1739274462418},{"type":"sell","symbol":"JPM","quantity":10000,"price":2974.156828064378,"timestamp":1739274476864},{"type":"sell","symbol":"MSFT","quantity":1000,"price":6950.191352898688,"timestamp":1739274654760},{"type":"sell","symbol":"TSLA","quantity":10000,"price":4170.974637343192,"timestamp":1739274664420},{"type":"buy","symbol":"NVDA","quantity":10000,"price":7931.834478840727,"timestamp":1739274995034},{"type":"sell","symbol":"NVDA","quantity":10000,"price":8971.403990463463,"timestamp":1739275081692},{"type":"sell","symbol":"NVDA","quantity":1000,"price":8095.971088426999,"timestamp":1739275108205}]},"100087199431487":{"stocks":{"GOOGL":{"quantity":1500,"averagePrice":2180.1810687714087},"AMZN":{"quantity":300,"averagePrice":2317.2180463353898},"META":{"quantity":1300,"averagePrice":5234.572892614195},"NVDA":{"quantity":500,"averagePrice":7063.801704432266}},"transactions":[{"type":"buy","symbol":"AAPL","quantity":100,"price":2924.133701613706,"timestamp":1739183294970},{"type":"buy","symbol":"AAPL","quantity":200,"price":2903.278537823429,"timestamp":1739183307607},{"type":"buy","symbol":"MSFT","quantity":300,"price":5287.295893184153,"timestamp":1739183329461},{"type":"buy","symbol":"GOOGL","quantity":300,"price":2612.5699037022273,"timestamp":1739183349610},{"type":"buy","symbol":"AMZN","quantity":300,"price":2317.2180463353898,"timestamp":1739183387822},{"type":"buy","symbol":"META","quantity":300,"price":5058.009717721848,"timestamp":1739183404497},{"type":"buy","symbol":"TSLA","quantity":300,"price":5369.489893721589,"timestamp":1739183416920},{"type":"buy","symbol":"NVDA","quantity":300,"price":7860.770607476943,"timestamp":1739183427959},{"type":"buy","symbol":"JPM","quantity":300,"price":2484.1216294414394,"timestamp":1739183440320},{"type":"buy","symbol":"V","quantity":300,"price":3465.24873591863,"timestamp":1739183447379},{"type":"buy","symbol":"V","quantity":700,"price":3364.5888075240414,"timestamp":1739183601814},{"type":"buy","symbol":"META","quantity":1000,"price":5287.5418450819,"timestamp":1739243684053},{"type":"sell","symbol":"MSFT","quantity":300,"price":3810.2450327479546,"timestamp":1739243759413},{"type":"buy","symbol":"NVDA","quantity":200,"price":5868.34834986525,"timestamp":1739247121704},{"type":"sell","symbol":"TSLA","quantity":300,"price":3848.9112944203853,"timestamp":1739273052615},{"type":"buy","symbol":"GOOGL","quantity":400,"price":2244.711333854339,"timestamp":1739273103315},{"type":"sell","symbol":"JPM","quantity":300,"price":2685.3314123628625,"timestamp":1739273157873},{"type":"buy","symbol":"GOOGL","quantity":800,"price":1985.770123130887,"timestamp":1739273208497},{"type":"sell","symbol":"V","quantity":1000,"price":4041.939897437517,"timestamp":1739273680365},{"type":"sell","symbol":"AAPL","quantity":300,"price":3563.0972307696243,"timestamp":1739273693725}]},"100049109850406":{"stocks":{"V":{"quantity":6000,"averagePrice":3376.5699781415997},"META":{"quantity":10100,"averagePrice":4697.735271287361},"GOOGL":{"quantity":10000,"averagePrice":2225.3889675080786}},"transactions":[{"type":"buy","symbol":"V","quantity":4000,"price":3378.9662122651116,"timestamp":1739183574986},{"type":"buy","symbol":"V","quantity":1000,"price":3378.9662122651116,"timestamp":1739183590032},{"type":"buy","symbol":"V","quantity":1000,"price":3364.5888075240414,"timestamp":1739183627710},{"type":"buy","symbol":"META","quantity":100,"price":5193.2298629820525,"timestamp":1739243467711},{"type":"buy","symbol":"META","quantity":1000,"price":5233.085297514964,"timestamp":1739243484783},{"type":"buy","symbol":"META","quantity":1000,"price":5233.085297514964,"timestamp":1739243490519},{"type":"buy","symbol":"META","quantity":1000,"price":5273.4621137397735,"timestamp":1739243513575},{"type":"buy","symbol":"AMZN","quantity":2000,"price":2588.1532466858343,"timestamp":1739243662376},{"type":"buy","symbol":"AMZN","quantity":2000,"price":2588.1532466858343,"timestamp":1739243672384},{"type":"buy","symbol":"META","quantity":7000,"price":4455.452934990633,"timestamp":1739271761769},{"type":"sell","symbol":"AMZN","quantity":4000,"price":2612.332822535946,"timestamp":1739272389051},{"type":"buy","symbol":"GOOGL","quantity":10000,"price":2225.3889675080786,"timestamp":1739273141159}]},"61561753304881":{"stocks":{"V":{"quantity":1,"averagePrice":2772.0691476230313}},"transactions":[{"type":"buy","symbol":"V","quantity":1,"price":2772.0691476230313,"timestamp":1739184957381}]},"61568522233427":{"stocks":{},"transactions":[]},"100063397755304":{"stocks":{},"transactions":[]},"100053868457890":{"stocks":{},"transactions":[{"type":"buy","symbol":"AMZN","quantity":10,"price":2171.146639798108,"timestamp":1739239841135},{"type":"buy","symbol":"MSFT","quantity":15,"price":4268.8457151938865,"timestamp":1739239940476},{"type":"buy","symbol":"TSLA","quantity":15,"price":4378.275548991384,"timestamp":1739240001996},{"type":"sell","symbol":"AMZN","quantity":10,"price":2689.1746678564873,"timestamp":1739244068493},{"type":"sell","symbol":"TSLA","quantity":15,"price":5702.386209279252,"timestamp":1739245836089},{"type":"sell","symbol":"MSFT","quantity":15,"price":4762.938260877359,"timestamp":1739245848968},{"type":"buy","symbol":"AMZN","quantity":30,"price":1934.7964557634757,"timestamp":1739260108144},{"type":"buy","symbol":"META","quantity":30,"price":4538.672304847198,"timestamp":1739260166202},{"type":"sell","symbol":"AMZN","quantity":30,"price":2067.6495500565698,"timestamp":1739266848028},{"type":"sell","symbol":"META","quantity":30,"price":5857.912684427376,"timestamp":1739268222842}]},"100079621883786":{"stocks":{"JPM":{"quantity":3000,"averagePrice":2232.8480690093206},"AMZN":{"quantity":6000,"averagePrice":3071.562367448479}},"transactions":[{"type":"buy","symbol":"JPM","quantity":3000,"price":2232.8480690093206,"timestamp":1739242281893},{"type":"buy","symbol":"AMZN","quantity":3000,"price":3057.170802546806,"timestamp":1739242311693},{"type":"buy","symbol":"AMZN","quantity":3000,"price":3085.9539323501526,"timestamp":1739242432847}]},"100006842495827":{"stocks":{},"transactions":[{"type":"buy","symbol":"META","quantity":1000,"price":6050.213899827704,"timestamp":1739244921874},{"type":"sell","symbol":"META","quantity":1000,"price":6379.61364635403,"timestamp":1739245384613}]},"100089981373051":{"stocks":{},"transactions":[]},"61550675833089":{"stocks":{"AAPL":{"quantity":6,"averagePrice":3758.7239684957553}},"transactions":[{"type":"buy","symbol":"AAPL","quantity":6,"price":3758.7239684957553,"timestamp":1739254675920}]},"61556923723234":{"stocks":{"AAPL":{"quantity":40,"averagePrice":3733.5428795301546}},"transactions":[{"type":"buy","symbol":"AAPL","quantity":20,"price":3749.827206269326,"timestamp":1739254821712},{"type":"buy","symbol":"AAPL","quantity":10,"price":3738.3992335379994,"timestamp":1739255489652},{"type":"buy","symbol":"AAPL","quantity":10,"price":3696.117872043966,"timestamp":1739255520368}]},"100035610181048":{"stocks":{},"transactions":[{"type":"buy","symbol":"AMZN","quantity":30,"price":1965.0527871805052,"timestamp":1739260124955},{"type":"sell","symbol":"AMZN","quantity":30,"price":1976.8662619060337,"timestamp":1739260158072},{"type":"buy","symbol":"TSLA","quantity":30,"price":3823.6270228640146,"timestamp":1739260169713},{"type":"sell","symbol":"TSLA","quantity":30,"price":5376.902769800333,"timestamp":1739268180116}]},"61568733064572":{"stocks":{},"transactions":[{"type":"buy","symbol":"JPM","quantity":13,"price":2340.3221539425285,"timestamp":1739267862184},{"type":"sell","symbol":"JPM","quantity":13,"price":2349.479839844674,"timestamp":1739267894660}]},"100053857386814":{"stocks":{"GOOGL":{"quantity":160,"averagePrice":1770.9487047322186}},"transactions":[{"type":"buy","symbol":"MSFT","quantity":1,"price":5799.591334601045,"timestamp":1739271499646},{"type":"buy","symbol":"MSFT","quantity":19,"price":5031.791456422701,"timestamp":1739271603384},{"type":"sell","symbol":"MSFT","quantity":20,"price":6715.189142622693,"timestamp":1739273572045},{"type":"buy","symbol":"GOOGL","quantity":40,"price":1780.340907723422,"timestamp":1739274279850},{"type":"buy","symbol":"GOOGL","quantity":40,"price":1757.658407779354,"timestamp":1739274298269},{"type":"buy","symbol":"GOOGL","quantity":40,"price":1757.658407779354,"timestamp":1739274312170},{"type":"buy","symbol":"GOOGL","quantity":40,"price":1788.1370956467435,"timestamp":1739274342759}]}}