{"100087199431487":{"stocks":{"META":{"quantity":200,"averagePrice":31853.522599999997},"AMZN":{"quantity":300,"averagePrice":26966.666666666668},"WMT":{"quantity":200,"averagePrice":17215},"GOOGL":{"quantity":200,"averagePrice":12650},"AAPL":{"quantity":200,"averagePrice":16170},"JPM":{"quantity":200,"averagePrice":14850},"V":{"quantity":200,"averagePrice":30150},"TSLA":{"quantity":150,"averagePrice":34650},"NVDA":{"quantity":100,"averagePrice":64200}},"transactions":[{"type":"buy","symbol":"META","quantity":1,"price":714.52,"timestamp":1739162362577},{"type":"buy","symbol":"AMZN","quantity":100,"price":31750,"timestamp":1739163335728},{"type":"buy","symbol":"AMZN","quantity":100,"price":31750,"timestamp":1739163569905},{"type":"buy","symbol":"WMT","quantity":100,"price":17490,"timestamp":1739163848250},{"type":"buy","symbol":"GOOGL","quantity":200,"price":12650,"timestamp":1739163891366},{"type":"buy","symbol":"AAPL","quantity":200,"price":16170,"timestamp":1739163938807},{"type":"buy","symbol":"JPM","quantity":200,"price":14850,"timestamp":1739164080643},{"type":"buy","symbol":"WMT","quantity":100,"price":16940,"timestamp":1739164121305},{"type":"buy","symbol":"META","quantity":199,"price":32010,"timestamp":1739164209208},{"type":"buy","symbol":"V","quantity":200,"price":30150,"timestamp":1739164505333},{"type":"buy","symbol":"AMZN","quantity":100,"price":17400,"timestamp":1739164654305},{"type":"buy","symbol":"TSLA","quantity":150,"price":34650,"timestamp":1739164831173},{"type":"buy","symbol":"NVDA","quantity":100,"price":64200,"timestamp":1739164870896}]},"100048502504358":{"stocks":{"GOOGL":{"quantity":10,"averagePrice":16350}},"transactions":[{"type":"buy","symbol":"GOOGL","quantity":10,"price":16350,"timestamp":1739164621179}]},"61561753304881":{"stocks":{"AAPL":{"quantity":1,"averagePrice":38000}},"transactions":[{"type":"buy","symbol":"AAPL","quantity":1,"price":38000,"timestamp":1739163572507}]},"100053970942155":{"stocks":{"AMZN":{"quantity":450,"averagePrice":15266.666666666666},"NVDA":{"quantity":150,"averagePrice":49720},"TSLA":{"quantity":350,"averagePrice":29000},"AAPL":{"quantity":250,"averagePrice":16060}},"transactions":[{"type":"buy","symbol":"AMZN","quantity":100,"price":13750,"timestamp":1739163872302},{"type":"buy","symbol":"AMZN","quantity":400,"price":13750,"timestamp":1739163888573},{"type":"buy","symbol":"NVDA","quantity":300,"price":49720,"timestamp":1739163903102},{"type":"buy","symbol":"TSLA","quantity":400,"price":26620,"timestamp":1739163931181},{"type":"buy","symbol":"AAPL","quantity":250,"price":16060,"timestamp":1739164037236},{"type":"sell","symbol":"AMZN","quantity":200,"price":13530,"timestamp":1739164143154},{"type":"sell","symbol":"NVDA","quantity":150,"price":49280,"timestamp":1739164158487},{"type":"sell","symbol":"TSLA","quantity":150,"price":26510,"timestamp":1739164175446},{"type":"buy","symbol":"AMZN","quantity":150,"price":18300,"timestamp":1739164457869},{"type":"buy","symbol":"TSLA","quantity":100,"price":34950,"timestamp":1739164519012}]},"100063397755304":{"stocks":{"AAPL":{"quantity":32,"averagePrice":20554.0625}},"transactions":[{"type":"buy","symbol":"AAPL","quantity":1,"price":16170,"timestamp":1739163924590},{"type":"buy","symbol":"AAPL","quantity":1,"price":16060,"timestamp":1739163953236},{"type":"buy","symbol":"AAPL","quantity":10,"price":20850,"timestamp":1739164509215},{"type":"buy","symbol":"AAPL","quantity":20,"price":20850,"timestamp":1739164524200}]},"61550331471452":{"stocks":{},"transactions":[]},"100035610181048":{"stocks":{"AMZN":{"quantity":20,"averagePrice":16650}},"transactions":[{"type":"buy","symbol":"AMZN","quantity":20,"price":16650,"timestamp":1739165363083}]},"100051073987266":{"stocks":{"GOOGL":{"quantity":2000,"averagePrice":12430},"WMT":{"quantity":500,"averagePrice":22800},"MSFT":{"quantity":50,"averagePrice":40350}},"transactions":[{"type":"buy","symbol":"GOOGL","quantity":2000,"price":12430,"timestamp":1739164129092},{"type":"buy","symbol":"WMT","quantity":500,"price":22800,"timestamp":1739164531434},{"type":"buy","symbol":"AAPL","quantity":100,"price":20850,"timestamp":1739164572533},{"type":"sell","symbol":"AAPL","quantity":100,"price":19950,"timestamp":1739165091867},{"type":"buy","symbol":"MSFT","quantity":50,"price":40350,"timestamp":1739165207818}]},"61568522233427":{"stocks":{"JPM":{"quantity":100,"averagePrice":14740},"META":{"quantity":150,"averagePrice":43050}},"transactions":[{"type":"buy","symbol":"JPM","quantity":100,"price":14740,"timestamp":1739164206093},{"type":"buy","symbol":"META","quantity":150,"price":43050,"timestamp":1739164594564}]},"100076957299243":{"stocks":{"META":{"quantity":1,"averagePrice":41250},"AMZN":{"quantity":90,"averagePrice":17400},"GOOGL":{"quantity":100,"averagePrice":15300}},"transactions":[{"type":"buy","symbol":"META","quantity":1,"price":41250,"timestamp":1739164878387},{"type":"buy","symbol":"AMZN","quantity":100,"price":17400,"timestamp":1739164968471},{"type":"buy","symbol":"GOOGL","quantity":100,"price":15300,"timestamp":1739164998877},{"type":"buy","symbol":"AAPL","quantity":10,"price":19500,"timestamp":1739165151165},{"type":"sell","symbol":"AAPL","quantity":10,"price":17550,"timestamp":1739165877104},{"type":"sell","symbol":"AMZN","quantity":10,"price":15300,"timestamp":1739165936899}]},"61555034078738":{"stocks":{},"transactions":[]},"100063719077878":{"stocks":{},"transactions":[]},"100048267517770":{"stocks":{},"transactions":[]},"100053868457890":{"stocks":{"GOOGL":{"quantity":10,"averagePrice":10950}},"transactions":[{"type":"buy","symbol":"GOOGL","quantity":10,"price":10950,"timestamp":1739167114378}]}}